%General 
@book{Murphy,
Author = {Kevin P. Murphy},
Title = {Machine Learning: A probabilistic Perspective}
}

@book{Cohen,
Author = {Paul R. Cohen},
Title = {Empirical Methods for Artificial Intelligence}
}

@article{Wolpert,
Author = {David H. Wolpert and William G. Macready},
Title = {No free Lunch Theorems for Optimization},
Journal = {IEEE Transactions on evolutionary computation},
Month = {4},
Number = {1},
Volume = {1},
Year = {1997}
}

%Metalearning
@article{Lemke,
Author = {Chrstiane Lemke and Marcin Budka},
Title = {Metalearning: A survey of trends and technologies},
Journal = {Artificial Intelligence Review},
Month = {6},
Pages = {117-130},
Volume = {44},
Number = {1},
Year = {2015}
}

@article{Vilalta,
Author = {Ricardo Vilalta, Christophe Giraurd-Carrier, Pavel Brazdil and Carlos Soares},
Title = {Using Meta-Learning to Support Data Mining},
Journal = {International Journal of Computer Science and Applications},
Year = {2004},
Volume = {1},
Number = {1},
Pages = {31-45}
}

@article{Bhatt,
Author = {Thakkar Bhatt and Ganatra Bhatt},
Title = {Ranking of Classifiers based on dataset characteristics using Active Meta Learning},
Journal = {International Journal of Computer Applications},
Volume = {69},
Year = {2013},
Url = {https://pdfs.semanticscholar.org/93ed/...},
Number = {20},
Pages = {31-36}
}

@article{Leite,
Author = {Rui Leite and Pavel Brazdil},
Title = {Predicting Relative Performance of Classifiers from Samples},
Journal = {ICML 05 Preceedings of the 22nd International conference on Machine learning},
Year = {2005},
Month = {8},
Pages = {497-503},
Url = {http://citeseerx.ist.psu.edu/viewdoc/download?doi=10.1.1.74.641&rep=rep1&type=pdf}
}

%Active Learning
@article{Settles,
Author = {Burr Settles},
Title = {Active Learning Literature Survey},
Journal = {Computer Sciences Technical Report 1648},
Year = {2010},
Month = {1},
Url = {http://burrsettles.com/pub/settles.activelearning.pdf}
}

%SVM
@article{Vapnik,
Author = {Vladimir Vapnik and Corinna Cortes},
Title = {Support-vector networks},
Journal = {Machine Learning},
Year = {1995},
Month = {9},
Volume = {20},
Number = {3},
Pages = {273-297},
Url = {https://link.springer.com/article/10.1007/BF00994018}
}

@article{MacQueen,
Author = {J. MacQueen},
Title = {Some methods for classification and analysis of multivariate observations},
Journal = {Fifth Berkeley Symp on Math Statistics and Probability},
Volume = {1},
Year = {1967},
Pages = {281-197},
Url = {https://projecteuclid.org/euclid.bsmsp/1200512992}
}

@article{Arthur,
Author = {David Arthur and Sergei Vassilvitskii},
Title = {K-Means ++: The advantages of careful seeding},
Journal = {SODA 07 Proceedings of the eighteenth annual ACM-SIAM symposium on discrete algorithms},
Pages = {1027-1035},
Year = {2007},
Month = {1},
Url = {http://ilpubs.stanford.edu:8090/778/1/2006-13.pdf}
}

%Neural Networks
@article{Rosenblatt,
Author = {F. Rosenblatt},
Title = {The Perceptron: A probabilistic model for information storage and organization in the brain},
Journal = {Psychological Review},
Volume = {65},
Number = {6},
Year = {1958},
Url = {http://citeseerx.ist.psu.edu/viewdoc/download?doi=10.1.1.335.3398&rep=rep1&type=pdf}
}

@article{Hornik,
Author = {Kurt Hornik},
Title = {Approximation Capabilities of Multilayer Feedforward Networks},
Journal = {Neural Networks},
Volume = {4},
Pages = {251-257},
Year = {1991},
Url = {http://zmjones.com/static/statistical-learning/hornik-nn-1991.pdf}
}

@article{Schmindhuber,
Author = {Jurgen Schmindhuber},
Title = {Deep learning in neural networks: An overview},
Journal = {Neural Networks},
Volume = {61},
Pages = {86-117},
Year = {2015}
}

@article{Rumelhart,
Author = {David E. Rumelhart and Geoffrey E. Hinton and Ronald J. Williams},
Title = {Learning representations by back-propagating errors},
Journal = {Nature},
Volume = {323},
Pages = {533-536},
Year = {1986},
Month = {10}
}

@article{Gupta,
Author = {Ashish Gupta},
Title = {An Introduction to Meta-Learning},
Journal = {medium},
Url = {https://medium.com/walmartlabs/an-introduction-to-meta-learning-ced7072b80e7}
}


